@inproceedings{DBLP:conf/acl/GrenagerKM05,
  author    = {Trond Grenager and
               Dan Klein and
               Christopher D. Manning},
  title     = {Unsupervised Learning of Field Segmentation Models for Information
               Extraction},
  booktitle = {{ACL} 2005, 43rd Annual Meeting of the Association for Computational
               Linguistics, Proceedings of the Conference, 25-30 June 2005, University
               of Michigan, {USA}},
  year      = {2005},
  crossref  = {DBLP:conf/acl/2005},
  url       = {http://acl.ldc.upenn.edu/P/P05/P05-1046.pdf},
  timestamp = {Fri, 02 Dec 2011 14:17:37 +0100},
  biburl    = {http://dblp.uni-trier.de/rec/bib/conf/acl/GrenagerKM05},
  bibsource = {dblp computer science bibliography, http://dblp.org}
}

@proceedings{DBLP:conf/acl/2005,
  editor    = {Kevin Knight and
               Hwee Tou Ng and
               Kemal Oflazer},
  title     = {{ACL} 2005, 43rd Annual Meeting of the Association for Computational
               Linguistics, Proceedings of the Conference, 25-30 June 2005, University
               of Michigan, {USA}},
  publisher = {The Association for Computer Linguistics},
  year      = {2005},
  url       = {http://aclweb.org/anthology-new/P/P05/},
  timestamp = {Fri, 02 Dec 2011 14:17:37 +0100},
  biburl    = {http://dblp.uni-trier.de/rec/bib/conf/acl/2005},
  bibsource = {dblp computer science bibliography, http://dblp.org}
}
