%%%%%%%%%%%%%%%%
% Bibliography
%%%%%%%%%%%%%%%%

@inproceedings{attribute_classifiers,
  author = {N. Kumar and A. C. Berg and P. N. Belhumeur and S. K. Nayar},
  title = {{A}ttribute and {S}imile {C}lassifiers for {F}ace {V}erification},
  booktitle = {ICCV},
  month = {Oct},
  year = {2009}
}

@inproceedings{maas2011learning,
  author    = {Maas, Andrew L.  and  Daly, Raymond E.  and  Pham, Peter T.  and  Huang, Dan  and  Ng, Andrew Y.  and  Potts, Christopher},
  title     = {Learning Word Vectors for Sentiment Analysis},
  booktitle = {ACL: HLT},
  month     = {June},
  year      = {2011},
  address   = {Portland, Oregon, USA},
  publisher = {Association for Computational Linguistics},
  pages     = {142--150},
  url       = {http://www.aclweb.org/anthology/P11-1015}
}

%%%
% Real time crowd
%%%

@inproceedings{bigham2010vizwiz,
  title={VizWiz: nearly real-time answers to visual questions},
  author={Bigham, Jeffrey P and Jayant, Chandrika and Ji, Hanjie and Little, Greg and Miller, Andrew and Miller, Robert C and Miller, Robin and Tatarowicz, Aubrey and White, Brandyn and White, Samual and others},
  booktitle={Proceedings of the 23nd annual ACM symposium on User interface software and technology},
  year={2010},
}

@inproceedings{guha2015user,
  title={User Modeling for a Personal Assistant},
  author={Guha, Ramanathan and Gupta, Vineet and Raghunathan, Vivek and Srikant, Ramakrishnan},
  booktitle={Proceedings of the Eighth ACM International Conference on Web Search and Data Mining},
  year={2015},
}

@inproceedings{lasecki2013real,
  title={Real-time crowd labeling for deployable activity recognition},
  author={Lasecki, Walter S and Song, Young Chol and Kautz, Henry and Bigham, Jeffrey P},
  booktitle={Proceedings of the 2013 conference on Computer supported cooperative work},
  year={2013},
}

@inproceedings{lasecki2011real,
  title={Real-time crowd control of existing interfaces},
  author={Lasecki, Walter S and Murray, Kyle I and White, Samuel and Miller, Robert C and Bigham, Jeffrey P},
  booktitle={Proceedings of the 24th annual ACM symposium on User interface software and technology},
  year={2011},
}

%%%
% Active Learning
%%%

@incollection{vzliobaite2011active,
  title={Active learning with evolving streaming data},
  author={{\v{Z}}liobait{\.e}, Indr{\.e} and Bifet, Albert and Pfahringer, Bernhard and Holmes, Geoff},
  booktitle={KDD},
  year={2011},
  publisher={Springer}
}

@article{chengflock,
  title={Flock: Hybrid Crowd-Machine Learning Classifiers},
  author={Cheng, Justin and Bernstein, Michael S}
}

%%%
% Optimizers
%%%
@misc{gurobi,
 author = "Gurobi Optimization, Inc.",
 title = "Gurobi Optimizer Reference Manual",
 year = 2015,
 url = "http://www.gurobi.com"
}

%%%
% AMR
%%%
@inproceedings{2014flanigan-amr,
  title={A discriminative graph-based parser for the Abstract Meaning Representation},
  author={Flanigan, Jeffrey and Thomson, Sam and Carbonell, Jaime and Dyer, Chris and Smith, Noah A},
  year={2014},
  booktitle={ACL},
}

@inproceedings{2014pourdamghani-amr,
  title={Aligning English Strings with Abstract Meaning Representation Graphs},
  author={Pourdamghani, Nima and Gao, Yang and Hermjakob, Ulf and Knight, Kevin},
  year={2014},
  booktitle={EMNLP},
}

@inproceedings{cai2013smatch-amr,
  title={Smatch: an Evaluation Metric for Semantic Feature Structures.},
  author={Cai, Shu and Knight, Kevin},
  booktitle={ACL (2)},
  pages={748--752},
  year={2013}
}

%%%
% SRL
%%%
@article{2002gildea-srl,
  title={Automatic labeling of semantic roles},
  author={Gildea, Daniel and Jurafsky, Daniel},
  journal={Computational linguistics},
  volume={28},
  number={3},
  year={2002},
  publisher={MIT Press}
}

@inproceedings{2004punyakanok-srl,
  title={Semantic role labeling via integer linear programming inference},
  author={Punyakanok, Vasin and Roth, Dan and Yih, Wen-tau and Zimak, Dav},
  booktitle={Proceedings of the 20th international conference on Computational Linguistics},
  pages={1346},
  year={2004},
  organization={Association for Computational Linguistics}
}

@phdthesis{srikumar2013-srl,
  title={The semantics of role labeling},
  author={Srikumar, Vivek},
  year={2013},
  school={University of Illinois at Urbana-Champaign}
}

@article{palmer2005proposition-srl,
  title={The proposition bank: An annotated corpus of semantic roles},
  author={Palmer, Martha and Gildea, Daniel and Kingsbury, Paul},
  journal={Computational linguistics},
  volume={31},
  number={1},
  pages={71--106},
  year={2005},
  publisher={MIT press}
}

%\bibitem[\protect\citename{Banarescu \bgroup et al.\egroup}2013]{Banarescu:13}
%Laura Banarescu, Claire Bonial, Shu Cai, Madalina Georgescu, Kira Griffitt, Ulf Hermjakob, Kevin Knight, Philipp Koehn, Martha Palmer, and Nathan Schneider
%\newblock 2013.
%\newblock {\em Proc. of the Linguistic Annotation Workshop and Iteroperability with Discourse}, volume~1.
%

@book{Parsons:1990,
  author = {Terence Parsons},
  year = {1990},
  title = {Events in the Semantics of {E}nglish: A study in subatomic semantics},
  publisher = {MIT Press},
  address = {Cambridge, MA}
}

@incollection{Davidson:1967,
  author = {Donald Davidson},
  year = {1967},
  title = {The Logical Form of Action Sentences},
  editor = {Nicholas Rescher},
  booktitle = {The Logic of Decision and Action},
  pages = {81--120},
  address = {Pittsburgh, PA},
  publisher = {University of Pittsburgh Press}
}

%
%\bibitem[\protect\citename{Pourdamghani}2014]{Pourdamghani:2014}
%Nima Pourdamghani, Yang Gao, Ulf Hermjakob and Kevin Knight
%\newblock 2014
%\newblock {\em Aligning English Strings with Abstract Meaning Representation Graphs}
%\newblock Proc. EMNLP.
%
%\bibitem[\protect\citename{Aho and Ullman}1972]{Aho:72}
%Alfred~V. Aho and Jeffrey~D. Ullman.
%\newblock 1972.
%\newblock {\em The Theory of Parsing, Translation and Compiling}, volume~1.
%\newblock Prentice-{Hall}, Englewood Cliffs, NJ.
%
%\bibitem[\protect\citename{{American Psychological Association}}1983]{APA:83}
%{American Psychological Association}.
%\newblock 1983.
%\newblock {\em Publications Manual}.
%\newblock American Psychological Association, Washington, DC.
%
%\bibitem[\protect\citename{{Association for Computing Machinery}}1983]{ACM:83}
%{Association for Computing Machinery}.
%\newblock 1983.
%\newblock {\em Computing Reviews}, 24(11):503--512.
%
%\bibitem[\protect\citename{Chandra \bgroup et al.\egroup }1981]{Chandra:81}
%Ashok~K. Chandra, Dexter~C. Kozen, and Larry~J. Stockmeyer.
%\newblock 1981.
%\newblock Alternation.
%\newblock {\em Journal of the Association for Computing Machinery},
%  28(1):114--133.
%
%\bibitem[\protect\citename{Gusfield}1997]{Gusfield:97}
%Dan Gusfield.
%\newblock 1997.
%\newblock {\em Algorithms on Strings, Trees and Sequences}.
%\newblock Cambridge University Press, Cambridge, UK.

%%%
% Me :)
%%%
@inproceedings{2010angeli-generation,
  title = {A Simple Domain-Independent Probabilistic Approach to Generation},
  author = {Gabor Angeli and Percy Liang and Dan Klein},
  booktitle = {Empirical Methods in Natural Language Processing (EMNLP)},
  year = {2010}
}

@inproceedings{2012angeli-temporal,
  title = {Parsing Time: Learning to Interpret Time Expressions},
  author = {Gabor Angeli and Christopher D. Manning and Daniel Jurafsky},
  booktitle = {NAACL-HLT},
  year = {2012}
}

@inproceedings{2013angeli-truth,
  title = {Philosophers are Mortal: Inferring the Truth of Unseen Facts},
  author = {Gabor Angeli and Christopher D. Manning},
  booktitle = {CoNLL},
  year = {2013}
}

@inproceedings{2014angeli-kbp,
  title = {Stanford's 2013 {KBP} System},
  author = {Gabor Angeli and Arun Chaganty and Angel Chang and Kevin Reschke and Julie Tibshirani and Jean Y. Wu and Osbert Bastani and Keith Siilats and Christopher D. Manning},
  booktitle = {TAC-KBP},
  year = {2014}
}

@inproceedings{2014angeli-active,
  title = {Combining Distant and Partial Supervision for Relation Extraction},
  author = {Gabor Angeli and Julie Tibshirani and Jean Y. Wu and Christopher D. Manning},
  booktitle = {EMNLP},
  year = {2014}
}

@inproceedings{2014angeli-naturalli,
  title = {NaturalLI: Natural Logic Inference for Common Sense Reasoning},
  author = {Gabor Angeli and Christopher D. Manning},
  booktitle = {EMNLP},
  year = {2014}
}

%%%
% Half-Me :)
%%%
@techreport{2014nayak-adjectives,
  title = {A Dictionary of Nonsubsective Adjectives},
  author = {Neha Nayak and Mark Kowarsky and Gabor Angeli and Christopher D. Manning},
  number = {CSTR 2014-04},
  institution = {Department of Computer Science, Stanford University},
  month = {October},
  year = {2014}
}

%%%
% CoreNLP
%%%
@techreport{stanford-tokensregex,
  author    = {Chang, Angel X. and Manning, Christopher D.},
  title  = {{TokensRegex}: Defining cascaded regular expressions over tokens},
  number = {CSTR 2014-02},
  institution = {Department of Computer Science, Stanford University},
  year = {2014}
}
@inproceedings{stanford-tagger,
  title={Feature-rich part-of-speech tagging with a cyclic dependency network},
  author={Toutanova, Kristina and Klein, Dan and Manning, Christopher D and Singer, Yoram},
  booktitle={NAACL-HLT},
  year={2003},
}

@inproceedings{stanford-coref,
  title={Stanford's multi-pass sieve coreference resolution system at the CoNLL-2011 shared task},
  author={Lee, Heeyoung and Peirsman, Yves and Chang, Angel and Chambers, Nathanael and Surdeanu, Mihai and Jurafsky, Dan},
  booktitle={CoNLL Shared Task},
  year={2011},
}


@inproceedings{stanford-parser,
  title={Accurate unlexicalized parsing},
  author={Klein, Dan and Manning, Christopher D},
  booktitle={ACL},
  year={2003},
}

@inproceedings{stanford-dependencies,
  title={The {S}tanford typed dependencies representation},
  author={{d}e {M}arneffe, Marie-Catherine and Manning, Christopher D.},
  booktitle={Coling 2008: Proceedings of the workshop on Cross-Framework and Cross-Domain Parser Evaluation},
  year={2008},
}

@inproceedings{stanford-ner,
  title={Incorporating non-local information into information extraction systems by gibbs sampling},
  author={Finkel, Jenny Rose and Grenager, Trond and Manning, Christopher},
  booktitle={ACL},
  year={2005},
}

%%%
% WSD
%%%
@inproceedings{1995yarowsky-wsd,
  title={Unsupervised word sense disambiguation rivaling supervised methods},
  author={Yarowsky, David},
  booktitle={ACL},
  year={1995},
}

@inproceedings{2002banerjee-wsd,
  title={An adapted Lesk algorithm for word sense disambiguation using WordNet},
  author={Banerjee, Satanjeev and Pedersen, Ted},
  booktitle={Computational linguistics and intelligent text processing},
  year={2002},
}

%%%
% MT
%%%
@article{1999carbonell-interlingua,
  title={The KANT perspective: A critique of pure transfer (and pure interlingua, pure statistics,...)},
  author={Carbonell, Jaime G and Mitamura, Teruko and Nyberg, Eric H},
  year={1999},
  booktitle={Proc. of the Fourth International Conference on Theoretical and Methodological Issues in Machine Translation: Empiricist vs. Rationalist Methods in MT},
}

@inproceedings{1998levin-interlingua,
  title={An interlingua based on domain actions for machine translation of task-oriented dialogues.},
  author={Levin, Lori S and Gates, Donna and Lavie, Alon and Waibel, Alex},
  booktitle={ICSLP},
  volume={98},
  pages={1155--1158},
  year={1998},
}

@article{1991mitamura-interlingua,
  title={An efficient interlingua translation system for multi-lingual document production},
  author={Mitamura, Teruko and Nyberg, Eric H and Carbonell, Jaime G},
  year={1991},
}

@inproceedings{2006liang-alignment,
  title={Alignment by agreement},
  author={Liang, Percy and Taskar, Ben and Klein, Dan},
  booktitle={NAACL-HLT},
  year={2006},
}
@inproceedings{2001yamada-syntaxmt,
	author = {Yamada, Kenji and Knight, Kevin},
	title = {A syntax-based statistical translation model},
	booktitle = {ACL},
	year = {2001},
}

@article{2007chiang-cubepruning,
  title={Hierarchical phrase-based translation},
  author={Chiang, David},
  journal={computational linguistics},
  year={2007},
  publisher={MIT Press}
}


%%%
% CONVERSATION
%%%
@inproceedings{2011artzi-conversation,
  author    = {Artzi, Yoav  and  Zettlemoyer, Luke},
  title     = {Bootstrapping Semantic Parsers from Conversations},
  booktitle = {EMNLP},
  year      = {2011},
}

%%%
% MISC
%%%
% JC similarity
@article{1997jc-similarity,
  title={Semantic similarity based on corpus statistics and lexical taxonomy},
  author={Jiang, Jay J and Conrath, David W},
  journal={Proceedings of the 10th International Conference on Research on Computational Linguistics},
  year={1997}
}

% rule-to-rule translation
@book{1995allen-semantics,
	author    = {Allen, James},
	title     = {Natural Language Understanding},
	publisher = {Benjamin/Cummings},
	address   = {Redwood City, CA},
	year      = {1995},
	page      = {263},
	isbn      = {0-8053-0334-0}
}

@inproceedings{2010poon-ontology,
	author = {Poon, Hoifung and Domingos, Pedro},
	title = {Unsupervised ontology induction from text},
	booktitle = {ACL},
	year = {2010},
	url = {http://portal.acm.org/citation.cfm?id=1858681.1858712},
}

@InProceedings{2010sauper-textanalysis,
	author    = {Sauper, Christina  and  Haghighi, Aria  and  Barzilay, Regina},
	title     = {Incorporating Content Structure into Text Analysis Applications},
	booktitle = {EMNLP},
	year      = {2010},
	address   = {Cambridge, MA},
	url       = {http://www.aclweb.org/anthology/D10-1037}
}

@article{2010michel-googlebooks,
	author = {Michel, Jean-Baptiste and Shen, Yuan Kui and Aiden, Aviva Presser and Veres, Adrian and Gray, Matthew K. and The Google Books Team and Pickett, Joseph P. and Hoiberg, Dale and Clancy, Dan and Norvig, Peter and Orwant, Jon and Pinker, Steven and Nowak, Martin A. and Aiden, Erez Lieberman},
	title = {Quantitative Analysis of Culture Using Millions of Digitized Books},
	year = {2011},
	journal = {Science} ,
	URL = {http://www.sciencemag.org/content/331/6014/176.abstract}
}

%%%
% CORE ALGORITHMS
%%%
@inproceedings{2001lafferty-crf,
  title={Conditional random fields: Probabilistic models for segmenting and labeling sequence data},
  author={Lafferty, J. and McCallum, A. and Pereira, F},
	booktitle = {International Conference on Machine Learning (ICML)},
  year={2001}
}

@inproceedings{2007surdeanu-perceptron,
	author = {Surdeanu, M. and Ciaramita, M.},
	title = {Robust Information Extraction with Perceptrons},
	booktitle = {NIST Automatic Content Extraction Workshop},
	year = {2007},
}

@inproceedings{2002collins-perceptron,
	author = {Collins, Michael},
	title = {Discriminative training methods for hidden Markov models: theory and experiments with perceptron algorithms},
	booktitle = {EMNLP},
	series = {EMNLP},
	year = {2002},
	url = {http://dx.doi.org/10.3115/1118693.1118694},
}

@article{1977tarjan-mst,
	author = {Tarjan, R. E.},
	title = {Finding optimum branchings},
	journal = {Networks},
	year = {1977},
}

@article{1989gabow-mst,
	author = {Gabow, Harold N. and Galil, Zvi and Spencer, Thomas H.},
	title = {Efficient implementation of graph algorithms using contraction},
	journal = {J. ACM},
	year = {1989},
	publisher = {ACM},
	address = {New York, NY, USA},
	url = {http://doi.acm.org/10.1145/65950.65954},
}

@article{1986gabow-mst,
	author = {Gabow, Harold and Galil, Zvi and Spencer, Thomas and Tarjan, Robert},
	title = {Efficient algorithms for finding minimum spanning trees in undirected and directed graphs},
	journal = {Combinatorica},
	year = {1986},
	url = {http://dx.doi.org/10.1007/BF02579168}
}

@inproceedings{1996alshawi-headautomata,
	author = {Alshawi, Hiyan},
	title = {Head automata and bilingual tiling: translation with minimal representations},
	booktitle = {ACL},
	year = {1996},
	url = {http://dx.doi.org/10.3115/981863.981886},
}

@inproceedings{1999eisner-headautomata,
	author = 	 {Jason Eisner and Giorgio Satta},
	title = 	 {Efficient Parsing for Bilexical Context-Free Grammars and Head-Automaton Grammars},
	booktitle = 	 {ACL},
	year = 	 1999,
	address =	 {University of Maryland},
	url =          {http://cs.jhu.edu/~jason/papers/#acl99},
}

@incollection{2000eisner-parsing,
	author = 	 {Jason Eisner},
	title = 	 {Bilexical Grammars and Their Cubic-Time Parsing Algorithms},
	booktitle = 	 {Advances in Probabilistic and Other Parsing Technologies},
	publisher = 	 {Kluwer Academic Publishers},
	year = 	 2000,
	editor =	 {Harry Bunt and Anton Nijholt},
}

@article{2009daume-search,
	author = {Daum\'{e}, Hal and Langford, John and Marcu, Daniel},
	title = {Search-based structured prediction},
	journal = {Machine Learning},
	year = {2009},
}

@article{1995miller-wordnet,
  title={{W}ord{N}et: a lexical database for {E}nglish},
  author={Miller, George A.},
  journal={Communications of the ACM},
  year={1995}
}

@article{2006brants-ngrams,
  title={Web {1T} 5-gram Version 1},
  author={Thorsten Brants and Alex Franz},
  journal={Linguistic Data Consortium},
  year={2006}
}

@article{2010duchi-adagrad,
  title={Adaptive subgradient methods for online learning and stochastic optimization},
  author={Duchi, John and Hazan, Elad and Singer, Yoram},
  journal={Journal of Machine Learning Research},
  year={2010}
}

%%%
% COREFERENCE
%%%
@inproceedings{1995vilain-coref,
	author = {Vilain, Marc and Burger, John and Aberdeen, John and Connolly, Dennis and Hirschman, Lynette},
	title = {A model-theoretic coreference scoring scheme},
	booktitle = {Proceedings of the 6th conference on Message understanding},
	series = {MUC6},
	year = {1995},
}

%%%
% PARSING
%%%
@Inproceedings{2013goldberg-syngrams,
  author    = {Goldberg, Yoav  and  Orwant, Jon},
  title     = {A Dataset of Syntactic-Ngrams over Time from a Very Large Corpus of English Books},
  booktitle = {*SEM},
  year      = {2013},
}
@inproceedings{2004klein-induction,
	author = {Klein, Dan and Manning, Christopher D.},
	title = {Corpus-based induction of syntactic structure: models of dependency and constituency},
	booktitle = {ACL},
	year = {2004},
	url = {http://dx.doi.org/10.3115/1218955.1219016},
}

@techreport{1992carroll-induction,
	author = {Carroll, Glenn and Charniak, Eugene},
	title = {Two Experiments on Learning Probabilistic Dependency Grammars from Corpora},
	year = {1992},
	publisher = {Brown University},
	address = {Providence, RI, USA},
}

@inproceedings{2005huang-parsing,
	author = {Huang, Liang and Chiang, David},
	title = {Better k-best parsing},
	booktitle = {Proceedings of the Ninth International Workshop on Parsing Technology},
	series = {Parsing},
	year = {2005},
	url = {http://portal.acm.org/citation.cfm?id=1654494.1654500},
}

@InProceedings{2006sagae-parsing,
	author    = {Sagae, Kenji  and  Lavie, Alon},
	title     = {Parser Combination by Reparsing},
	booktitle = {NAACL-HLT},
	year      = {2006},
	address   = {New York City, USA},
url       = {http://www.aclweb.org/anthology/N/N06/N06-2033}
}

%%%
% DEPENDENCY PARSING
%%%
@InProceedings{2011tsarfaty-dependency,
  author    = {Tsarfaty, Reut  and  Nivre, Joakim  and  Andersson, Evelina},
  title     = {Evaluating Dependency Parsing: Robust and Heuristics-Free Cross-Annotation Evaluation},
  booktitle = {EMNLP},
  year      = {2011},
  address   = {Edinburgh, Scotland, UK.},
  url       = {http://www.aclweb.org/anthology/D11-1036}
}

@inproceedings{2008carreras-dependency,
	author = {Carreras, Xavier and Collins, Michael and Koo, Terry},
	title = {{TAG}, dynamic programming, and the perceptron for efficient, feature-rich parsing},
	booktitle = {Proceedings of the Twelfth Conference on Computational Natural Language Learning},
	series = {CoNLL '08},
	year = {2008},
	url = {http://portal.acm.org/citation.cfm?id=1596324.1596327},
}

@phdthesis{2010koo-thesis,
	author = {Terry Koo},
	title = {Advances in Discriminative Dependency Parsing},
	school = {Massachusetts Institute of Technology},
	year = {2010},
	address = {Cambridge, MA, USA},
}

@inproceedings{2010koo-dependnecy0,
	author = {Koo, Terry and Collins, Michael},
	title = {Efficient third-order dependency parsers},
	booktitle = {ACL},
	year = {2010},
	url = {http://portal.acm.org/citation.cfm?id=1858681.1858682},
}

@inproceedings{2010koo-dependency1,
	author    = {Koo, Terry  and  Rush, Alexander M.  and  Collins, Michael  and  Jaakkola, Tommi  and  Sontag, David},
	title     = {Dual Decomposition for Parsing with Non-Projective Head Automata},
	booktitle = {EMNLP},
	year      = {2010},
	address   = {Cambridge, MA},
	url       = {http://www.aclweb.org/anthology/D10-1125}
}

@InProceedings{2007carreras-dependency,
	author    = {Carreras, Xavier},
	title     = {Experiments with a Higher-Order Projective Dependency Parser},
	booktitle = {EMNLP-CoNLL},
	year      = {2007},
	address   = {Prague, Czech Republic},
	url       = {http://www.aclweb.org/anthology/D/D07/D07-1101}
}

@inproceedings{2007hall-dependency,
	author    = {Hall, Keith},
	title     = {K-best Spanning Tree Parsing},
	booktitle = {ACL},
	year      = {2007},
	address   = {Prague, Czech Republic},
	url       = {http://www.aclweb.org/anthology/P07-1050}
}

@inproceedings{2005mcdonald-dependency0,
	author = {McDonald, Ryan and Crammer, Koby and Pereira, Fernando},
	title = {Online large-margin training of dependency parsers},
	booktitle = {ACL},
	year = {2005},
	address = {Morristown, NJ, USA},
	url = {http://dx.doi.org/10.3115/1219840.1219852},
}

@inproceedings{2006buchholz-conll,
  title={CoNLL-X shared task on multilingual dependency parsing},
  author={Buchholz, Sabine and Marsi, Erwin},
  booktitle={Proceedings of the Tenth Conference on Computational Natural Language Learning},
  pages={149--164},
  year={2006},
  organization={Association for Computational Linguistics}
}

@inproceedings{2005mcdonald-dependency1,
	author = {McDonald, Ryan and Pereira, Fernando and Ribarov, Kiril and Haji\v{c}, Jan},
	title = {Non-projective dependency parsing using spanning tree algorithms},
	booktitle = {EMNLP-HLT},
	series = {HLT},
	year = {2005},
	address = {Morristown, NJ, USA},
	url = {http://dx.doi.org/10.3115/1220575.1220641},
}


%%%
% Word Clusters
%%%
@inproceedings{2010turian-wordclusters,
	author    = {Turian, Joseph  and  Ratinov, Lev-Arie  and  Bengio, Yoshua},
	title     = {Word Representations: A Simple and General Method for Semi-Supervised Learning},
	booktitle = {ACL},
	year      = {2010},
	address   = {Uppsala, Sweden},
	url       = {http://www.aclweb.org/anthology/P10-1040}
}

@inproceedings{2010christodoulopoulos-wordclusters,
	author = {Christodoulopoulos, Christos and Goldwater, Sharon and Steedman, Mark},
	title = {Two decades of unsupervised {POS} induction: how far have we come?},
	booktitle = {EMNLP},
	series = {EMNLP},
	year = {2010},
	address = {Morristown, NJ, USA},
	url = {http://portal.acm.org/citation.cfm?id=1870658.1870714},
}

%%%
% Sentiment Analysis
%%%

% Core
@inproceedings{2004pang-mincuts,
	author = {Pang, Bo and Lee, Lillian},
	title = {A sentimental education: sentiment analysis using subjectivity summarization based on minimum cuts},
	booktitle = {ACL},
	year = {2004},
	address = {Morristown, NJ, USA},
}

% Summarization
@inproceedings{2008titov-summarization,
	author    = {Titov, Ivan  and  McDonald, Ryan},
	title     = {A Joint Model of Text and Aspect Ratings for Sentiment Summarization},
	booktitle = {ACL-HLT},
	year      = {2008},
	address   = {Columbus, Ohio},
	url       = {http://www.aclweb.org/anthology/P/P08/P08-1036}
}

% Review Helpfulness

@inproceedings{2007ghose-helpfulness,
	author = {Ghose, Anindya and Ipeirotis, Panagiotis G.},
	title = {Designing novel review ranking systems: predicting the usefulness and impact of reviews},
	booktitle = {ICEC '07: Proceedings of the ninth international conference on Electronic commerce},
	year = {2007},
	isbn = {978-1-59593-700-1},
	publisher = {ACM},
	address = {New York, NY, USA},
}

@inproceedings{2008liu-helpfulness,
	author={Yang Liu and Xiangji Huang and Aijun An and Xiaohui Yu},
	booktitle={Data Mining, 2008. ICDM '08. Eighth IEEE International Conference on}, title={Modeling and Predicting the Helpfulness of Online Reviews},
	year={2008},
	ISSN={1550-4786}
}

@inproceedings{2007liu-helpfulness,
	author    = {Liu, Jingjing  and  Cao, Yunbo  and  Lin, Chin-Yew  and  Huang, Yalou  and  Zhou, Ming},
	title     = {Low-Quality Product Review Detection in Opinion Summarization},
	booktitle = {EMNLP-CoNLL},
	year      = {2007},
	address   = {Prague, Czech Republic},
	url       = {http://www.aclweb.org/anthology/D/D07/D07-1035}
}

@inproceedings{2006kim-helpfulness,
	author    = {Kim, Soo-Min  and  Pantel, Patrick  and  Chklovski, Tim  and  Pennacchiotti, Marco},
	title     = {Automatically Assessing Review Helpfulness},
	booktitle = {EMNLP},
	year      = {2006},
	address   = {Sydney, Australia},
	url       = {http://www.aclweb.org/anthology/W/W06/W06-1650}
}

% Sarcasm and Humor

@inproceedings{2010davidov-sarcasm,
	author    = {Davidov, Dmitry  and  Tsur, Oren  and  Rappoport, Ari},
	title     = {Semi-Supervised Recognition of Sarcasm in Twitter and Amazon},
	booktitle = {Proceedings of the Fourteenth Conference on Computational Natural Language Learning},
	year      = {2010},
	address   = {Uppsala, Sweden},
	url       = {http://www.aclweb.org/anthology/W10-2914}
}

@inproceedings{2006purandare-humor,
	author    = {Purandare, Amruta  and  Litman, Diane},
	title     = {Humor: Prosody Analysis and Automatic Recognition for {F*R*I*E*N*D*S*}},
	booktitle = {EMNLP},
	year      = {2006},
	address   = {Sydney, Australia},
	url       = {http://www.aclweb.org/anthology/W/W06/W06-1625}
}

@inproceedings{2005mihalcea-humor,
	author    = {Mihalcea, Rada  and  Strapparava, Carlo},
	title     = {Making Computers Laugh: Investigations in Automatic Humor Recognition},
	booktitle = {CoNLL},
	year      = {2005},
	address   = {Vancouver, British Columbia, Canada},
	url       = {http://www.aclweb.org/anthology/H/H05/H05-1067}
}

@incollection{2007mihalcea-humor,
	author = {Mihalcea, Rada and Pulman, Stephen},
	title = {Characterizing Humour: An Exploration of Features in Humorous Texts},
	booktitle = {Computational Linguistics and Intelligent Text Processing},
	series = {Lecture Notes in Computer Science},
	editor = {Gelbukh, Alexander},
	year = {2007}
}

%%%
% LINGUISTICS
%%%
@article{1986grosz-discourse,
	author = {Grosz, Barbara J. and Sidner, Candace L.},
	title = {Attention, intentions, and the structure of discourse},
	journal = {Comput. Linguist.},
	year = {1986},
	publisher = {MIT Press},
	address = {Cambridge, MA, USA},
	url = {http://portal.acm.org/citation.cfm?id=12457.12458},
}

%%%
% LOGIC PARSING
%%%
@inproceedings{2014hosseini-algebra,
  title={Learning to Solve Arithmetic Word Problems with Verb Categorization},
  author={Hosseini, Mohammad Javad and Hajishirzi, Hannaneh and Etzioni, Oren and Kushman, Nate},
  booktitle={EMNLP},
  year={2014}
}

@inproceedings{2014berant-bio,
  title={Modeling biological processes for reading comprehension},
  author={Berant, Jonathan and Srikumar, Vivek and Chen, Pei-Chun and Huang, Brad and Manning, Christopher D and Vander Linden, Abby and Harding, Brittany and Clark, Peter},
  booktitle={Proc. EMNLP},
  year={2014}
}

@inproceedings{2014berant-semantics,
  author = {J. Berant and P. Liang},
  booktitle = {Association for Computational Linguistics (ACL)},
  title = {Semantic Parsing via Paraphrasing},
  year = {2014},
}
@inproceedings{1976bach-semantics,
	author = {Bach, E.},
	title = {An Extension of Classical Transformational Grammar},
	booktitle = {Problems of Linguistic Metatheory (Proceedings of the 1976 Conference)},
	year = {1976},
	address = {Michigan State University},
}

@InProceedings{2011kwiatkowski-semantics,
	author    = {Kwiatkowski, Tom  and  Zettlemoyer, Luke  and  Goldwater, Sharon  and  Steedman, Mark},
	title     = {Lexical Generalization in {CCG} Grammar Induction for Semantic Parsing},
	booktitle = {EMNLP},
	year      = {2011},
	address   = {Edinburgh, Scotland, UK.},
	url       = {http://www.aclweb.org/anthology/D11-1140}
}

@article{2013kwiatkowski-semantics,
  title={Scaling semantic parsers with on-the-fly ontology matching},
  author={Kwiatkowski, Tom and Choi, Eunsol and Artzi, Yoav and Zettlemoyer, Luke},
  year={2013},
}

@inproceedings{2004bos-ccg,
	author    = {Bos, Johan  and  Clark, Stephen  and  Steedman, Mark  and  Curran, James R.  and  Hockenmaier, Julia},
	title     = {Wide-Coverage Semantic Representations from a {CCG} Parser },
	booktitle = {Proceedings of Coling},
	editor    = {},
	year      = 2004,
	address   = {Geneva, Switzerland},
	publisher = {COLING},
}

@InProceedings{2005kate-semantics,
	title={Learning to Transform Natural to Formal Languages},
	author={Rohit J. Kate and Yuk Wah Wong and Raymond J. Mooney},
	booktitle={AAAI},
	address={Pittsburgh, PA},
	key={nll, semantic parsing},
	year={2005},
	url="http://www.cs.utexas.edu/users/ai-lab/pub-view.php?PubID=51486"
}

@inproceedings{2008kate-semantics,
	title={Transforming Meaning Representation Grammars to Improve Semantic Parsing},
	author={Rohit J. Kate},
	booktitle={CoNLL},
	address={Manchester, UK},
	year={2008},
	url="http://www.cs.utexas.edu/users/ai-lab/?kate:conll08"
}

@inproceedings{2011liang-semantics,
	title = {Learning Dependency-Based Compositional Semantics},
	author = {P. Liang and M. I. Jordan and D. Klein},
	booktitle = {ACL},
	year = {2011},
}

@inproceedings{2010clarke-semantics,
	author = {James Clarke and Dan Goldwasser and Ming-Wei Chang and Dan Roth},
	title = {Driving Semantic Parsing from the World's Response},
	booktitle = {CoNLL},
	year = {2010},
	address = {Uppsala, Sweden},
}

@book{1996steedman-ccg,
	author = {Steedman, M.},
	editor = {Mass, Cambridge},
	publisher = {MIT Press},
	title = {Surface Structure and Interpretation},
	year = {1996}
}

@book{2000steedman-ccg,
 author = {Steedman, Mark},
 title = {The syntactic process},
 year = {2000},
 publisher = {MIT Press},
 address = {Cambridge, MA, USA},
}

@inproceedings{2005zettlemoyer-semantics,
  author = {Zettlemoyer, Luke S. and Collins, Michael},
  booktitle = {UAI},
  publisher = {AUAI Press},
  title = {Learning to Map Sentences to Logical Form: Structured Classification with Probabilistic Categorial Grammars.},
  year = 2005,
  url = {http://dblp.uni-trier.de/db/conf/uai/uai2005.html#ZettlemoyerC05},
}

@inproceedings{2007zettlemoyer-semantics,
	author = {Luke S. Zettlemoyer and Michael Collins},
	title = {Online learning of relaxed {CCG} grammars for parsing to logical form},
	booktitle = {EMNLP-CoNLL},
	year = {2007},
}

@InProceedings{1996zelle-semantics,
	title={Learning to Parse Database Queries using Inductive Logic Programming},
	author={John M. Zelle and Raymond J. Mooney},
	booktitle={AAAI/IAAI},
	address={Portland, OR},
	year={1996},
	url="http://www.cs.utexas.edu/users/ai-lab/pub-view.php?PubID=51437"
}

%%%
% TEMPORAL
%%%
@book{1947reichenback-temporal,
	title = {Elements of Symbolic Logic},
	author = {Hans Reichenbach},
	publisher = {Macmillan, New York},
	year = {1947}
}

@inproceedings{2012chang-temporal,
	author = {Chang, Angel and Manning, Chris},
	title = {{SUTIME:} A Library for Recognizing and Normalizing Time Expressions},
	booktitle = { Language Resources and Evaluation},
	year = {2012},
}

@incollection{2003saquete-temporal,
   author = {Saquete, E. and Muñoz, R. and Martínez-Barco, P.},
   title = {TERSEO: Temporal Expression Resolution System Applied to Event Ordering},
   booktitle = {Text, Speech and Dialogue},
   year = {2003}
}

@inproceedings{2004puscasu-temporal,
	author = {Puscasu, G.},
	title = {A Framework for Temporal Resolution},
	booktitle = {LREC},
	location = {Lisbon, Portugal},
	year = {2004},
}

@inproceedings{2010kolomiyets-temporal,
	author = {Kolomiyets, Oleksandr and Moens, Marie-Francine},
	title = {{KUL:} Recognition and normalization of temporal expressions},
	booktitle = {Proceedings of the 5th International Workshop on Semantic Evaluation},
	series = {{Sem-Eval} '10},
	year = {2010},
	url = {http://dl.acm.org/citation.cfm?id=1859664.1859736},
}

@article{1991allen-temporal,
	author = {Allen, James F.},
	title = {Time and time again: The many ways to represent time},
	journal = {International Journal of Intelligent Systems},
	publisher = {Wiley Subscription Services, Inc., A Wiley Company},
	year = {1991},
	url = {http://dx.doi.org/10.1002/int.4550060403},
}

@inproceedings{1981allen-temporal,
	author = {Allen, James F.},
	title = {An interval-based representation of temporal knowledge},
	booktitle = {Proceedings of the 7th international joint conference on Artificial intelligence},
	year = {1981},
	publisher = {Morgan Kaufmann Publishers Inc.},
	address = {San Francisco, CA, USA},
	url = {http://dl.acm.org/citation.cfm?id=1623156.1623200},
}

@article{1988moens-temporal,
	author = {Moens, Marc and Steedman, Mark},
	title = {Temporal ontology and temporal reference},
	journal = {Computational Linguistics},
	year = {1988},
	publisher = {MIT Press},
	address = {Cambridge, MA, USA},
	url = {http://portal.acm.org/citation.cfm?id=55056.55058},
}

@article{2010condoravdi-temporal,
   author = {Condoravdi, Cleo},
   title = {{NPI} licensing in temporal clauses},
   journal = {Natural Language and Linguistic Theory},
   year = {2010},
   url = {http://dx.doi.org/10.1007/s11049-010-9115-z}
}

@inproceedings{2010grover-temporal,
	author = {Grover, Claire and Tobin, Richard and Alex, Beatrice and Byrne, Kate},
	title = {Edinburgh-{LTG:} {TempEval-2} system description},
	booktitle = {Proceedings of the 5th International Workshop on Semantic Evaluation},
	series = {Sem-Eval},
	year = {2010},
	url = {http://dl.acm.org/citation.cfm?id=1859664.1859738},
}

@inproceedings{2010strotgen-temporal,
	author = {Str\"{o}tgen, Jannik and Gertz, Michael},
	title = {HeidelTime: High quality rule-based extraction and normalization of temporal expressions},
	booktitle = {Proceedings of the 5th International Workshop on Semantic Evaluation},
	series = {Sem-Eval},
	year = {2010},
	url = {http://dl.acm.org/citation.cfm?id=1859664.1859735},
}

@inproceedings{2010uzzaman-temporal,
	author = {UzZaman, Naushad and Allen, James F.},
	title = {{TRIPS} and {TRIOS} system for {TempEval-2}: Extracting temporal information from text},
	booktitle = {Proceedings of the 5th International Workshop on Semantic Evaluation},
	series = {Sem-Eval},
	year = {2010},
	url = {http://dl.acm.org/citation.cfm?id=1859664.1859726},
}

@InProceedings{2000mani-temporal,
	author    = {Inderjeet Mani  and  George Wilson},
	title     = {Robust Temporal Processing of News},
	booktitle = {ACL},
	year      = {2000},
	address   = {Hong Kong},
	url       = {http://www.aclweb.org/anthology/P00-1010},
}

@InProceedings{2010verhagen-tempeval,
  author    = {Verhagen, Marc  and  Sauri, Roser  and  Caselli, Tommaso  and  Pustejovsky, James},
  title     = {SemEval-2010 Task 13: {TempEval-2}},
  booktitle = {Proceedings of the 5th International Workshop on Semantic Evaluation},
  year      = {2010},
  address   = {Uppsala, Sweden},
  url       = {http://www.aclweb.org/anthology/S10-1010}
}

@inproceedings{2003pustejovsky-timeml,
    author = {James Pustejovsky and José Castaño and Robert Ingria and Roser Saurí and Robert Gaizauskas and Andrea Setzer and Graham Katz},
    title = {Timeml: Robust specification of event and temporal expressions in text},
    booktitle = {in Fifth International Workshop on Computational Semantics (IWCS-5)},
    year = {2003}
}

@inproceedings{2010llorens-tipsem,
  title={TIPSem (English and Spanish): Evaluating CRFs and Semantic Roles in TempEval-2},
  author={Llorens, Hector and Saquete, Estela and Navarro, Borja},
  booktitle={Proceedings of the 5th International Workshop on Semantic Evaluation},
  year={2010}
}

@inproceedings{2010vicente-uc3m,
  title={UC3M system: Determining the extent, type and value of time expressions in TempEval-2},
  author={Vicente-D{\'\i}ez, Mar{\'\i}a Teresa and Schneider, Juli{\'a}n Moreno and Mart{\'\i}nez, Paloma},
  booktitle={proceedings of the Semantic Evaluation--2 (Semeval 2010), ACL Conference, Uppsala (Sweden)},
  year={2010}
}

%%%
% LEXICAL SEMANTICS
%%%
@InProceedings{2012das-lex,
  author    = {Das, Dipanjan  and  Smith, Noah A.},
  title     = {Graph-Based Lexicon Expansion with Sparsity-Inducing Penalties},
  booktitle = {NAACL-HLT},
  month     = {June},
  year      = {2012},
  address   = {Montr\'{e}al, Canada},
  url       = {http://www.aclweb.org/anthology/N12-1086}
}

@article{2006budanitsky-wordnet,
  title={Evaluating {W}ord{N}et-based measures of lexical semantic relatedness},
  author={Budanitsky, A. and Hirst, G.},
  journal={Computational Linguistics},
  year={2006},
  publisher={MIT Press}
}

@article{huang-vectors,
  title={Improving Word Representations via Global Context and Multiple Word Prototypes},
  author={Huang, Eric H and Socher, Richard and Manning, Christopher D and Ng, Andrew Y},
  journal={ACL},
  year={2012}
}

%%%
% MACHINE LEARNING
%%%
@InProceedings{2012samdani-em,
  author    = {Samdani, Rajhans  and  Chang, Ming-Wei  and  Roth, Dan},
  title     = {Unified Expectation Maximization},
  booktitle = {NAACL-HLT},
  month     = {June},
  year      = {2012},
  address   = {Montr\'{e}al, Canada},
}

%%%
% QUESTION ANSWERING
%%%
@inproceedings{2014fader-openqa,
  title={Open Question Answering Over Curated and Extracted Knowledge Bases},
  author={Fader, Anthony and Zettlemoyer, Luke and Etzioni, Oren},
  booktitle={KDD},
  year={2014},
}
@inproceedings{2001voorhees-trec,
  title={Question answering in {TREC}},
  author={Voorhees, Ellen M},
  booktitle={Proceedings of the tenth international conference on Information and knowledge management},
  year={2001},
}

@incollection{2007penas-ave,
  title={Overview of the answer validation exercise 2006},
  author={Pe{\~n}as, Anselmo and Rodrigo, {\'A}lvaro and Sama, Valent{\'\i}n and Verdejo, Felisa},
  booktitle={Evaluation of Multilingual and Multi-modal Information Retrieval},
  year={2007},
}

@incollection{2008penas-ave,
  title={Overview of the answer validation exercise 2007},
  author={Pe{\~n}as, Anselmo and Rodrigo, {\'A}lvaro and Verdejo, Felisa},
  booktitle={Advances in Multilingual and Multimodal Information Retrieval},
  year={2008},
}

@incollection{2009rodrigo-ave,
  title={Overview of the answer validation exercise 2008},
  author={Rodrigo, {\'A}lvaro and Pe{\~n}as, Anselmo and Verdejo, Felisa},
  booktitle={Evaluating Systems for Multilingual and Multimodal Information Access},
  year={2009},
}

%%%
% Entity Linking
%%%
@inproceedings{2012lin-el,
  title={No noun phrase left behind: detecting and typing unlinkable entities},
  author={Lin, Thomas and Etzioni, Oren and others},
  booktitle={EMNLP-CoNLL},
  year={2012},
}

@inproceedings{2011ratinov-el,
  title={Local and global algorithms for disambiguation to wikipedia},
  author={Ratinov, Lev and Roth, Dan and Downey, Doug and Anderson, Mike},
  booktitle={ACL},
  year={2011},
}

%%%
% NER
%%%
@article{2007nadeau-ner,
  title={A survey of named entity recognition and classification},
  author={Nadeau, David and Sekine, Satoshi},
  journal={Lingvisticae Investigationes},
  volume={30},
  number={1},
  pages={3--26},
  year={2007},
}

%%%
% INFORMATION EXTRACTION
%%%
@InProceedings{2014pink-kbp,
  author="Pink, Glen and Nothman, Joel and Curran, R. James",
  title="Analysing recall loss in named entity slot filling",
  booktitle="EMNLP",
  year="2014",
}

@inproceedings{2013soderland-kbp,
  title={Open Information Extraction to {KBP} Relations in 3 Hours},
  author={Stephen Soderland and John Gilmer and Robert Bart and Oren Etzioni and Daniel S. Weld},
  booktitle={Text Analysis Conference},
  year={2013},
}

@inproceedings{2004doddington-ace,
  title={The Automatic Content Extraction ({ACE}) Program--Tasks, Data, and Evaluation.},
  author={Doddington, George R and Mitchell, Alexis and Przybocki, Mark A and Ramshaw, Lance A and Strassel, Stephanie and Weischedel, Ralph M},
  booktitle={LREC},
  year={2004},
}

@inproceedings{2007surdeanu-ace,
  title={Robust information extraction with perceptrons},
  author={Surdeanu, Mihai and Ciaramita, Massimiliano},
  booktitle={ACE07 Proceedings},
  year={2007}
}

@inproceedings{2005zhou-ace,
  title={Exploring various knowledge in relation extraction},
  author={GuoDong, Zhou and Jian, Su and Jie, Zhang and Min, Zhang},
  booktitle={ACL},
  year={2005},
}

@inproceedings{2011sun-kbp,
  title={New {Y}ork {U}niversity 2011 system for {KBP} slot filling},
  author={Sun, Ang and Grishman, Ralph and Xu, Wei and Min, Bonan},
  booktitle={Proceedings of the Text Analytics Conference},
  year={2011}
}

@inproceedings{2009mintz-distsup,
  title={Distant supervision for relation extraction without labeled data},
  author={Mintz, Mike and Bills, Steven and Snow, Rion and Jurafsky, Dan},
  booktitle={ACL},
  year={2009},
}

@inproceedings{2013min-incomplete,
  title={Distant Supervision for Relation Extraction with an Incomplete Knowledge Base},
  author={Min, Bonan and Grishman, Ralph and Wan, Li and Wang, Chang and Gondek, David},
  booktitle={NAACL-HLT},
  year={2013},
}

@inproceedings{1999craven-distsup,
  title={Constructing biological knowledge bases by extracting information from text sources.},
  author={Craven, Mark and Kumlien, Johan},
  booktitle={AAAI},
  year={1999},
}

@inproceedings{2007wu-distsup,
  title={Autonomously semantifying wikipedia},
  author={Wu, Fei and Weld, Daniel S},
  booktitle={Proceedings of the sixteenth ACM conference on information and knowledge management},
  year={2007},
  organization={ACM}
}

% rules
@inproceedings{2010grishman-kbp,
  title={New {Y}ork {U}niversity {KBP} 2010 slot-filling system},
  author={Grishman, Ralph and Min, Bonan},
  booktitle={Proc. TAC 2010 Workshop},
  year={2010}
}

@phdthesis{1997soderland-kbp,
  title={Learning text analysis rules for domain-specific natural language processing},
  author={Soderland, Stephen G},
  year={1997},
  school={University of Massachusetts}
}

@inproceedings{2010chen-kbp,
  title={{CUNY}-{BLENDER}},
  author={Chen, Zheng and Tamang, Suzanne and Lee, Adam and Li, Xiang and Lin, Wen-Pin and Snover, Matthew and Artiles, Javier and Passantino, Marissa and Ji, Heng},
  booktitle={TAC-KBP},
  year={2010}
}

@inproceedings{2010ji-kbpoverview,
  title={Overview of the TAC 2010 knowledge base population track},
  author={Ji, Heng and Grishman, Ralph and Dang, Hoa Trang and Griffitt, Kira and Ellis, Joe},
  booktitle={Third Text Analysis Conference},
  year={2010}
}

@inproceedings{2013surdeanu-kbpoverview,
  title={Overview of the tac2013 knowledge base population evaluation: English slot filling and temporal slot filling},
  author={Surdeanu, Mihai},
  booktitle={Sixth Text Analysis Conference},
  year={2013}
}

@InProceedings{2012spitkovsky-wikipedia,
  address   = {Istanbul, Turkey},
  author    = {Spitkovsky, Valentin I.  and  Chang, Angel X.},
  booktitle = {Proceedings of the Eighth International Conference on Language Resources and Evaluation (LREC 2012)},
  date      = {23-25},
  month     = {May},
  title     = {A Cross-Lingual Dictionary for {E}nglish {W}ikipedia Concepts},
  url       = {pubs/crosswikis.pdf},
  year      = {2012},
}
@inproceedings{2012surdeanu-mimlre,
	year = {2012},
	author = {Surdeanu, Mihai and Julie Tibshirani and Ramesh Nallapati and Christopher D. Manning},
	booktitle = {EMNLP},
	title = {Multi-instance Multi-label Learning for Relation Extraction},
}

@inproceedings{2011hoffman-kbp,
  title={Knowledge-based weak supervision for information extraction of overlapping relations},
  author={Hoffmann, Raphael and Zhang, Congle and Ling, Xiao and Zettlemoyer, Luke and Weld, Daniel S},
  booktitle={ACL-HLT},
  year={2011}
}

@inproceedings{2013riedel-schemas,
  title={Relation Extraction with Matrix Factorization and Universal Schemas},
  author={Riedel, Sebastian and Yao, Limin and McCallum, Andrew and Marlin, Benjamin M},
  booktitle={NAACL-HLT},
  year={2013}
}

@inproceedings{2012yao-schemas,
  title={Probabilistic databases of universal schema},
  author={Yao, Limin and Riedel, Sebastian and McCallum, Andrew},
  booktitle={Proceedings of the Joint Workshop on Automatic Knowledge Base Construction and Web-scale Knowledge Extraction},
  year={2012},
}

%%%
% ONTOLOGY AUGMENTATION
%%%
@inproceedings{2012jenatton-completion,
  title={A latent factor model for highly multi-relational data},
  author={Jenatton, Rodolphe and Roux, Nicolas L and Bordes, Antoine and Obozinski, Guillaume R},
  booktitle={NIPS},
  year={2012}
}
@inproceedings{2011bordes-completion,
  title={Learning Structured Embeddings of Knowledge Bases},
  author={Bordes, Antoine and Weston, Jason and Collobert, Ronan and Bengio, Yoshua and others},
  booktitle={AAAI},
  year={2011}
}
@article{2013chen-completion,
  title={Learning new facts from knowledge bases with neural tensor networks and semantic word vectors},
  author={Chen, Danqi and Socher, Richard and Manning, Christopher D and Ng, Andrew Y},
  journal={arXiv preprint arXiv:1301.3618},
  year={2013}
}
@inproceedings{2013socher-completion,
  title={Reasoning With Neural Tensor Networks for Knowledge Base Completion},
  author={Socher, Richard and Chen, Danqi and Manning, Christopher D and Ng, Andrew},
  booktitle={NIPS},
  year={2013}
}
@inproceedings{2006snow-wordnet,
  title={Semantic taxonomy induction from heterogenous evidence},
  author={Snow, Rion and Jurafsky, Daniel and Ng, Andrew Y},
  booktitle={ACL},
  year={2006},
}

@inproceedings{2011tandon-conceptnet,
  title={Deriving a web-scale common sense fact database},
  author={Tandon, Niket and de Melo, Gerard and Weikum, Gerhard},
  booktitle={AAAI},
  year={2011}
}

%%%
% OpenIE
%%%
@article{2011etzioni-nature,
  title={Search needs a shake-up},
  author={Etzioni, Oren},
  journal={Nature},
  volume={476},
  number={7358},
  pages={25--26},
  year={2011},
}
@article{2010soderland-nfl,
  title={Adapting open information extraction to domain-specific relations},
  author={Soderland, Stephen and Roof, Brendan and Qin, Bo and Xu, Shi and Etzioni, Oren},
  journal={AI Magazine},
  volume={31},
  number={3},
  pages={93--102},
  year={2010}
}
@article{2013gardnerpra-nell,
  title={Improving Learning and Inference in a Large Knowledge-base using Latent Syntactic Cues},
  author={Gardner, Matt and Talukdar, Partha Pratim and Kisiel, Bryan and Mitchell, Tom},
  journal={EMNLP},
  year={2013},
}
@inproceedings{2008bollacker-freebase,
  title={Freebase: a collaboratively created graph database for structuring human knowledge},
  author={Bollacker, Kurt and Evans, Colin and Paritosh, Praveen and Sturge, Tim and Taylor, Jamie},
  booktitle={Proceedings of the 2008 ACM SIGMOD international conference on Management of data},
  year={2008},
}

@inproceedings{2011fader-reverb,
  title={Identifying relations for open information extraction},
  author={Fader, Anthony and Soderland, Stephen and Etzioni, Oren},
  booktitle={EMNLP},
  year={2011},
}

@article{2004liu-conceptnet,
  title={{C}oncept{N}et: a practical Commonsense Reasoning Toolkit},
  author={Liu, Hugo and Singh, Push},
  journal={BT technology journal},
  year={2004},
}

@inproceedings{2007yates-textrunner,
  title={{T}ext{R}unner: Open information extraction on the web},
  author={Yates, Alexander and Cafarella, Michael and Banko, Michele and Etzioni, Oren and Broadhead, Matthew and Soderland, Stephen},
  booktitle={ACL-HLT},
  year={2007},
}

@inproceedings{2012mausam-ollie,
  title={Open Language Learning for Information Extraction},
  author={Mausam and Michael Schmitz and Bart, Robert and Soderland, Stephen and Etzioni, Oren},
  booktitle = {EMNLP},
  year={2012}
}

@inproceedings{2010carlson-nell,
  title={Toward an architecture for never-ending language learning},
  author={Carlson, Andrew and Betteridge, Justin and Kisiel, Bryan and Settles, Burr and Hruschka Jr, Estevam R and Mitchell, Tom M},
  booktitle={AAAI},
  year={2010}
}

@inproceedings{2013mesquita-exemplar,
  title={Effectiveness and efficiency of open relation extraction},
  author={Mesquita, Filipe and Schmidek, Jordan and Barbosa, Denilson},
  booktitle={EMNLP},
  year={2013}
}

@article{2010soderland-adapting,
  title={Adapting open information extraction to domain-specific relations},
  author={Soderland, Stephen and Roof, Brendan and Qin, Bo and Xu, Shi and Etzioni, Oren and others},
  journal={AI Magazine},
  year={2010}
}

@inproceedings{2010-schoenmackers-horn,
  title={Learning first-order horn clauses from web text},
  author={Schoenmackers, Stefan and Etzioni, Oren and Weld, Daniel S and Davis, Jesse},
  booktitle={EMNLP},
  year={2010},
}

@InProceedings{2011berant-entailment,
  author    = {Berant, Jonathan and Ido Dagan and Jacob Goldberger},
  title     = {Global Learning of Typed Entailment Rules},
  booktitle = {Proceedings of ACL},
  year      = {2011},
  address   = {Portland, OR},
}

@article{2013lewis-entailment,
  title={Combined Distributional and Logical Semantics.},
  author={Lewis, Mike and Steedman, Mark},
  journal={TACL},
  volume={1},
  pages={179--192},
  year={2013}
}

@article{2009callan-clueweb,
  title={The {C}lue{W}eb09 data set},
  author={Callan, Jamie and Hoy, Mark and Yoo, Changkuk and Zhao, Le},
  year={2009}
}

@article{2002singh-openmind,
  title={Open Mind Common Sense: Knowledge acquisition from the general public},
  author={Singh, Push and Lin, Thomas and Mueller, Erik and Lim, Grace and Perkins, Travell and Li Zhu, Wan},
  journal={On the Move to Meaningful Internet Systems 2002: CoopIS, DOA, and ODBASE},
  year={2002},
}

@inproceedings{2007banko-openie,
  title={Open information extraction for the web},
  author={Banko, Michele and Cafarella, Michael J and Soderland, Stephen and Broadhead, Matthew and Etzioni, Oren},
  booktitle={IJCAI},
  year={2007}
}

%%%
% COMMON SENSE
%%%
@inproceedings{2002schubert-commonsense,
  title={Can we derive general world knowledge from texts?},
  author={Schubert, Lenhart},
  booktitle={HLT},
  year={2002},
}
@inproceedings{2009durme-commonsense,
  title={Deriving generalized knowledge from corpora using WordNet abstraction},
  author={Van Durme, Benjamin and Michalak, Phillip and Schubert, Lenhart K},
  booktitle={EACL},
  year={2009},
}


%%%
% GOFAI
%%%
@article{1980reiter-logic,
  title={A logic for default reasoning},
  author={Reiter, Raymond},
  journal={Artificial intelligence},
  year={1980},
  volume={13},
  number={1},
  pages={81--132},
}

@article{1989pearl-probabilistic,
  title={Probabilistic semantics for nonmonotonic reasoning: A survey},
  author={Pearl, Judea},
  year={1989},
  journal={Principles of Knowledge Representation and Reasoning}
}

@article{1980mccarthy-circumscription,
  title={Circumscription---a form of non-monotonic reasoning},
  author={McCarthy, John},
  journal={Artificial intelligence},
  year={1980},
  publisher={Elsevier}
}

@article{1978hobbs-resolving,
  title={Resolving pronoun references},
  author={Hobbs, Jerry R},
  journal={Lingua},
  year={1978},
  publisher={Elsevier}
}

@article{2013banarescu-amr,
  title={Abstract meaning representation for sembanking},
  author={Banarescu, Laura and Bonial, Claire and Cai, Shu and Georgescu, Madalina and Griffitt, Kira and Hermjakob, Ulf and Knight, Kevin and Koehn, Philipp and Palmer, Martha and Schneider, Nathan},
  journal={Proc. Linguistic Annotation Workshop},
  year={2013},
}

%%%
% RTE
%%%
@article{2006romano-ie,
  title={Investigating a generic paraphrase-based approach for relation extraction},
  author={Romano, Lorenza and Kouylekov, Milen and Szpektor, Idan and Dagan, Ido and Lavelli, Alberto},
  journal={EACL},
  year={2006}
}

@article{2006glickman-rte,
  title={A lexical alignment model for probabilistic textual entailment},
  author={Glickman, Oren and Dagan, Ido and Koppel, Moshe},
  journal={Machine Learning Challenges. Evaluating Predictive Uncertainty, Visual Object Classification, and Recognising Tectual Entailment},
  year={2006},
}

%%%
% NatLog
%%%
@techreport{2008vanbenthem-natlog,
  title={A brief history of natural logic},
  author={{van} Benthem, Johan},
  year={2008},
  number={PP-2008-05},
  institution={University of Amsterdam}
}

@techreport{1996cooper-fracas,
  title={Using the framework},
  author={Cooper, Robin and Crouch, Dick and Van Eijck, Jan and Fox, Chris and Van Genabith, Johan and Jaspars, Jan and Kamp, Hans and Milward, David and Pinkal, Manfred and Poesio, Massimo and others},
  year={1996},
  institution={The FraCaS Consortium}
}
@book{1986benthem-natlog,
  title={Essays in logical semantics},
  author={{v}an Benthem, Johan},
  year={1986},
  publisher={Springer},
}
@phdthesis{1991valencia-natlog,
  title={Studies on natural logic and categorial grammar},
  author={{S{\'a}nchez Valencia}, V{\'\i}ctor Manuel },
  year={1991},
  school={University of Amsterdam}
}

@phdthesis{2009maccartney-thesis,
  title={Natural Language Inference},
  author={MacCartney, Bill},
  year={2009},
  school={Stanford}
}

@inproceedings{2009maccartney-natlog,
  title={An extended model of natural logic},
  author={MacCartney, Bill and Manning, Christopher D},
  booktitle={Proceedings of the eighth international conference on computational semantics},
  year={2009},
}

@inproceedings{2008maccartney-natlog,
  title={Modeling semantic containment and exclusion in natural language inference},
  author={MacCartney, Bill and Manning, Christopher D},
  booktitle={Coling},
  year={2008},
}

@inproceedings{2007maccartney-natlog,
  title={Natural logic for textual inference},
  author={MacCartney, Bill and Manning, Christopher D},
  booktitle={ACL-PASCAL Workshop on Textual Entailment and Paraphrasing},
  year={2007},
}

@article{2014icard-natlog,
  title={Recent Progress on Monotonicity},
  author={Icard, III, Thomas and Moss, Lawrence},
  journal={Linguistic Issues in Language Technology},
  year={2014}
}

@article{2013djalali-natlog,
  title={Synthetic logic},
  author={Djalali, Alex J},
  journal={Linguistic Issues in Language Technology},
  volume={9},
  pages={1--18},
  year={2013}
}

@article{2012icard-natlog,
  title={Inclusion and exclusion in natural language},
  author={Icard, III, Thomas},
  journal={Studia Logica},
  year={2012},
}

@article{2013bowman-natlog,
  title={Can recursive neural tensor networks learn logical reasoning?},
  author={Bowman, Samuel and Manning, Christopher D.},
  journal={ICLR (arXiv:1312.6192)},
  year={2014}
}

%%%
% TOOLS
%%%
@article{parallel,
 title = {GNU Parallel - The Command-Line Power Tool},
 author = {O. Tange},
 address = {Frederiksberg, Denmark},
 journal = {;login: The USENIX Magazine},
 month = {Feb},
 number = {1},
 volume = {36},
 url = {http://www.gnu.org/s/parallel},
 year = {2011},
}

@article{vijayanarasimhan2014large,
  title={Large-scale live active learning: Training object detectors with crawled data and crowds},
  author={Vijayanarasimhan, Sudheendra and Grauman, Kristen},
  journal={International Journal of Computer Vision},
  volume={108},
  number={1-2},
  pages={97--114},
  year={2014},
  publisher={Springer US}
}
